@article{hochreiter1997long,
  title     = {Long short-term memory},
  author    = {Hochreiter, Sepp and Schmidhuber, J{\"u}rgen},
  journal   = {Neural computation},
  volume    = {9},
  number    = {8},
  pages     = {1735--1780},
  year      = {1997},
  publisher = {MIT press}
}
  % \bibitem{}
  % Sepp Hochreiter and Jürgen Schmidhuber. 1997. Long short-term memory. Neural Comput. 9, 8 (1997), 1735–1780.


@article{rivera2017recognition,
  title   = {Recognition of human hand activities based on a single wrist imu using recurrent neural networks},
  author  = {Rivera, Patricio and Valarezo, Edwin and Choi, Mun-Taik and Kim, Tae-Seong},
  journal = {Int. J. Pharma Med. Biol. Sci},
  volume  = {6},
  number  = {4},
  pages   = {114--118},
  year    = {2017}
}
  % \bibitem{}
  % Rivera, Patricio, et al. "Recognition of human hand activities based on a single wrist imu using recurrent neural networks." Int. J. Pharma Med. Biol. Sci 6.4 (2017): 114-118.

@inproceedings{ashry2018lstm,
  title     = {An LSTM-based descriptor for human activities recognition using IMU sensors},
  author    = {Ashry, Sara and Elbasiony, Reda and Gomaa, Walid},
  booktitle = {Proceedings of the 15th International Conference on Informatics in Control, Automation and Robotics, ICINCO},
  volume    = {1},
  pages     = {494--501},
  year      = {2018}
}
  
  % \bibitem{}
  % Ashry, Sara, Reda Elbasiony, and Walid Gomaa. "An LSTM-based descriptor for human activities recognition using IMU sensors." Proceedings of the 15th International Conference on Informatics in Control, Automation and Robotics, ICINCO. Vol. 1. 2018.

@article{staudemeyer2019understanding,
  title   = {Understanding LSTM--a tutorial into long short-term memory recurrent neural networks},
  author  = {Staudemeyer, Ralf C and Morris, Eric Rothstein},
  journal = {arXiv preprint arXiv:1909.09586},
  year    = {2019}
}
  % \bibitem{}
  % Staudemeyer, Ralf C., and Eric Rothstein Morris. "Understanding LSTM--a tutorial into long short-term memory recurrent neural networks." (2019).